@Book{lutz2013learning,
  title={Learning Python: Powerful Object-Oriented Programming},
  author={Lutz, M.},
  isbn={9781449355692},
  series={Safari Books Online},
  url={https://books.google.cz/books?id=4pgQfXQvekcC},
  year={2013},
  publisher={O'Reilly Media}
}

@MasterThesis{andrasov2,
	author     =     {Andrašov, Ivan},
	title     =     {{Měření experimentální sítě PlanetLab}},
	school     =     {Brno, University of Technology},
	year = {2017},
	address = {Brno},
	url={https://www.vutbr.cz/studenti/zav-prace/detail/110277},
	type = "Bachelor thesis"
}

@MasterThesis{suba1,
	author     =     {Šuba, Filip},
	title     =     {{Monitorování serverů s OS Linux}},
	school     =     {Brno, University of Technology},
	year = {2018},
	address = {Brno},
	url={https://www.vutbr.cz/studenti/zav-prace/detail/110178},
	type = "Bachelor thesis"
}

@Misc{planetlababout,
	author = "PlanetLab",
	title = {About PlanetLab project},
	howpublished = 	{online},
	revised = 	{Revised: 29, May, 2017},
	cited = 	{!2018-11-24},
	url = 		{https://www.planet-lab.eu/about}
}
